@article{id1,
    author = {M. Rossi, G. Bianchi e G. Verdi},
    title = {Titolo dell'articolo},
    journal = {Journal Name},
    pages={10-15},
    year = {2018}
}

@misc{id2,
  title = {Politecnico di Bari [Online]},
  howpublished = {\url{https://www.poliba.it/}},
}

@article{id3,
    author = {G. Bianchi, G. Verdi e M. Rossi},
    title = {Titolo dell'articolo},
    journal = {Journal Name},
    volume = {48},
    pages={11-15},
    year = {2018}
}

@article{id4,
    author = {G. Verdi, R. Cristiano e a cura di Ancona CasaEditrice},
    title = {Titolo del capitolo},
    book = {Titolo del libro},
    journal = {10-20},
    year = {2017}
}
